<?xml version="1.0" encoding="UTF-8"?><collection xmlns="http://www.loc.gov/MARC21/slim"><record><leader>00356nam--2200121-i-4500</leader><controlfield tag="001">000001947</controlfield><controlfield tag="002">20161230</controlfield><controlfield tag="005">20161230201024</controlfield><controlfield tag="008">060222s1000------------r-----000-0-eng-d</controlfield><datafield ind1=" " ind2=" " tag="100"><subfield code="a">Erk, A</subfield></datafield><datafield ind1=" " ind2=" " tag="245"><subfield code="a">Current-limiting high-speed switches for heavy -current installations</subfield></datafield><datafield ind1=" " ind2=" " tag="260"><subfield code="a">Harwell, Atomic Energy Research Establ., 1962. 14 P.+ 6 Fig</subfield></datafield><datafield ind1=" " ind2=" " tag="852"><subfield code="a">17805</subfield></datafield></record></collection>